@article{Duff:1979:DFS:355815.355817,
 author = {Duff, I. S. and Reid, J. K.},
 title = {Some Design Features of a Sparse Matrix Code},
 journal = {ACM Trans. Math. Softw.},
 issue_date = {March 1979},
 volume = {5},
 number = {1},
 month = mar,
 year = {1979},
 issn = {0098-3500},
 pages = {18--35},
 numpages = {18},
 url = {http://doi.acm.org/10.1145/355815.355817},
 doi = {10.1145/355815.355817},
 acmid = {355817},
 publisher = {ACM},
 address = {New York, NY, USA},
}