




@article{doi:10.1137/0905045,
author = {I. S. Duff and J. K. Reid},
title = {The Multifrontal Solution of Unsymmetric Sets of Linear Equations},
journal = {SIAM Journal on Scientific and Statistical Computing},
volume = {5},
number = {3},
pages = {633-641},
year = {1984},
doi = {10.1137/0905045},

URL = { 
        http://dx.doi.org/10.1137/0905045
    
},
eprint = { 
        http://dx.doi.org/10.1137/0905045
    
}

}


