@article{pardiso-6.0a,
  title={An augmented incomplete factorization approach for computing the Schur complement in stochastic optimization},
  author={Petra, Cosmin G. and Schenk, Olaf and Lubin, Miles and G{\"a}rtner, Klaus},
  journal={SIAM Journal on Scientific Computing},
  volume={36},
  number={2},
  pages={C139--C162},
  year={2014},
  publisher={Society for Industrial and Applied Mathematics}

}

@article{pardiso-6.0b,
  title={Real-time stochastic optimization of complex energy systems on high-performance computers},
  author={Petra, Cosmin G. and Schenk, Olaf and Anitescu, Mihai},
  journal={IEEE Computing in Science \& Engineering},
  volume={16},
  number={5},
  pages={32--42},
  year={2014},
  publisher={AIP Publishing}
}

